<record><leader>00000cas a22000007a 4500</leader><controlfield tag="001">41618741</controlfield><controlfield tag="008">990628d19uu1950caucr ne      0    0eng d</controlfield><datafield ind1=" " ind2=" " tag="010"><subfield code="a">sn 99060937 </subfield></datafield><datafield ind1=" " ind2=" " tag="040"><subfield code="a">CNK</subfield><subfield code="b">eng</subfield><subfield code="c">CNK</subfield><subfield code="d">OCLCQ</subfield><subfield code="d">OCLCF</subfield><subfield code="d">OCLCO</subfield></datafield><datafield ind1=" " ind2=" " tag="042"><subfield code="a">msc</subfield></datafield><datafield ind1=" " ind2=" " tag="043"><subfield code="a">n-us-ca</subfield></datafield><datafield ind1="0" ind2="0" tag="245"><subfield code="a">Bellflower, North Long Beach herald American and the Compton herald.</subfield></datafield><datafield ind1="3" ind2=" " tag="246"><subfield code="a">Herald American</subfield></datafield><datafield ind1=" " ind2=" " tag="260"><subfield code="a">[Compton, Calif. :</subfield><subfield code="b">Herald Pub. Co.]</subfield></datafield><datafield ind1=" " ind2=" " tag="300"><subfield code="a">v.</subfield></datafield><datafield ind1=" " ind2=" " tag="310"><subfield code="a">Semiweekly</subfield></datafield><datafield ind1="0" ind2=" " tag="362"><subfield code="a">-v. 14, no. 40 (Jan. 19, 1950).</subfield></datafield><datafield ind1=" " ind2=" " tag="500"><subfield code="a">"Bellflower, North Long Beach" appears in small print above "Herald American"; "and The Compton Herald" appears in smaller print beneath "Herald American," both &lt;Jan. 5&gt;-Jan. 19, 1950.</subfield></datafield><datafield ind1=" " ind2=" " tag="500"><subfield code="a">"Serving Compton, Lynwood, Willowbrook, Hollydale, Paramount, North Long Beach, Bellflower, Mayfair and Lakewood."</subfield></datafield><datafield ind1=" " ind2=" " tag="588"><subfield code="a">Description based on: Vol. 14, no. 36 (Jan. 5, 1950).</subfield></datafield><datafield ind1=" " ind2="0" tag="651"><subfield code="a">Bellflower (Calif.)</subfield><subfield code="v">Newspapers.</subfield></datafield><datafield ind1=" " ind2="0" tag="651"><subfield code="a">Los Angeles County (Calif.)</subfield><subfield code="v">Newspapers.</subfield></datafield><datafield ind1=" " ind2="4" tag="651"><subfield code="a">North Long Beach (Long Beach, Calif.)</subfield><subfield code="v">Newspapers.</subfield></datafield><datafield ind1=" " ind2="7" tag="655"><subfield code="a">Newspapers.</subfield><subfield code="2">fast</subfield><subfield code="0">(OCoLC)fst01423814</subfield></datafield><datafield ind1=" " ind2="7" tag="651"><subfield code="a">California</subfield><subfield code="z">Bellflower.</subfield><subfield code="2">fast</subfield><subfield code="0">(OCoLC)fst01217476</subfield></datafield><datafield ind1=" " ind2="7" tag="651"><subfield code="a">California</subfield><subfield code="z">Los Angeles County.</subfield><subfield code="2">fast</subfield><subfield code="0">(OCoLC)fst01205194</subfield></datafield><datafield ind1=" " ind2=" " tag="752"><subfield code="a">United States</subfield><subfield code="b">California</subfield><subfield code="c">Los Angeles</subfield><subfield code="d">Compton.</subfield></datafield><datafield ind1="0" ind2="0" tag="785"><subfield code="t">Bellflower herald American and the Compton herald</subfield><subfield code="w">(DLC)sn 99060938</subfield></datafield></record>